@ELECTRONIC{FACT,
		title = {Gran Telescopio Canarias and FACT Telescope against Milky Way},
		author = {Miguel Carlo},
		url = {http://www.miguelclaro.com/wp/wp-content/uploads/2013/10/FACTMilkyWayVertical-4650-net.jpg},
		date = {2017},
}

@ELECTRONIC{Overview,
		title = {Astroparticle Physik},
		Author = {DESY}, 
		url = {https://astro.desy.de/},
		date = {2017},
}
@ELECTRONIC{corsika, 
		title   = {CORSIKA â€“ an Air Shower Simulation Program}, 
		Author = {Fabian Schmidt}, 
		publisher = {University of Leeds}, 
		url = {http://www.ikp.kit.edu/corsika/}, 
				date = {2017}, 
}
